@BOOK{HK,
    AUTHOR={H. Kopka and P.W. Daly},
    TITLE={A Guide to Latex},
    PUBLISHER={Addision-Wesley},
    ADDRESS={Reading, MA},
    YEAR=1999.
}
